@article{Craig1961,
 ISSN = {00368075, 10959203},
 URL = {http://www.jstor.org/stable/1708089},
 author = {Harmon Craig},
 journal = {Science},
 number = {3465},
 pages = {1702-1703},
 publisher = {American Association for the Advancement of Science},
 title = {Isotopic Variations in Meteoric Waters},
 volume = {133},
 year = {1961}
}

@inbook{Rozanski1993,
author = {Kazimierz Rozanski and Luis Aragu{\'a}s-Aragu{\'a}s and Roberto Gonfiantini},
publisher = {American Geophysical Union (AGU)},
title = {Isotopic Patterns in Modern Global Precipitation},
booktitle = {Climate Change in Continental Isotopic Records},
chapter = {},
pages = {1-36},
doi = {10.1029/GM078p0001},
year = {1993},
}

@article{Wang2018,
title = {Meteoric water lines in arid {C}entral {A}sia using event-based and monthly data},
journal = {Journal of Hydrology},
volume = {562},
pages = {435 - 445},
year = {2018},
doi = {https://doi.org/10.1016/j.jhydrol.2018.05.034},
author = {Shengjie Wang and Mingjun Zhang and Catherine E. Hughes and Jagoda Crawford and Gaofei Wang and Fenli Chen and Mingxia Du and Xue Qiu and Su'e Zhou},
}
@article{Hughes2012,
title = {A new precipitation weighted method for determining the meteoric water line for hydrological applications demonstrated using {A}ustralian and global {GNIP} data},
journal = {Journal of Hydrology},
volume = {464-465},
pages = {344 - 351},
year = {2012},
doi = {https://doi.org/10.1016/j.jhydrol.2012.07.029},
author = {Catherine E. Hughes and Jagoda Crawford},
}
@article{Crawford2014,
title = {Alternative least squares methods for determining the meteoric water line, demonstrated using {GNIP} data},
journal = {Journal of Hydrology},
volume = {519},
pages = {2331 - 2340},
year = {2014},
doi = {https://doi.org/10.1016/j.jhydrol.2014.10.033},
author = {Jagoda Crawford and Catherine E. Hughes and Spyros Lykoudis},
}
@Article{Bowen2018,
author={Bowen, Gabriel J. and Annie Putman and J. Ren{\'e}e Brooks and David R. Bowling and Erik J. Oerter and Stephen P. Good},
title={Inferring the source of evaporated waters using stable {H} and {O} isotopes},
journal={Oecologia},
year={2018},
volume={187},
number={4},
pages={1025-1039},
doi={10.1007/s00442-018-4192-5},
}
@article{Putman2017,
	author={Annie L. Putman and Xiahong Feng and Leslie J. Sonder and Eric S. Posmentier},
	year={2017},
	title={Annual variation in event-scale precipitation $\delta^{2}${H} at {B}arrow, {AK}, reflects vapor source region},
	journal={Atmospheric Chemistry and Physics},
	volume={17},
	number={7},
	pages={4627-4639},
    doi = {https://doi.org/10.5194/acp-17-4627-2017},
}
@article{Bailey2018,
author = {A. Bailey and  E. Posmentier and X. Feng},
title = {Patterns of Evaporation and Precipitation Drive Global Isotopic Changes in Atmospheric Moisture},
journal = {Geophysical Research Letters},
year = {2018},
volume = {45},
number = {14},
pages = {7093-7101},
doi = {10.1029/2018GL078254},
}

@misc{GNIP,
author = {IAEA/WMO},
year = {2015},
title = {Global Network of Isotopes in Precipitation: The {GNIP} Database},
note = {accessed 12-2015}
}


@misc{CPCprec,
author = {{NOAA/OAR/ESRL PSD}},
title = {{CPC GLOBAL PRCP V1.0 RT}},
year = {2018},
url = {https://www.esrl.noaa.gov/psd/data/gridded/data.cpc.globalprecip.html},
note = {accessed 02-06-2018},
}

@article{Jones1999,
author = {P. W. Jones},
year = {1999},
title = {First- and Second-Order Conservative Remapping Schemes for Grids in Spherical Coordinates},
journal = {Monthly Weather Review},
volume = {127},
number = {9},
pages = {2204 -2210},
doi = {10.1175/1520-0493(1999)127<2204:FASOCR>2.0.CO;2},
}

@article{Nusbaumer2017,
author = {J. Nusbaumer and T.E. Wong and C. Bardeen and D. Noone},
year = {2017},
title = {Evaluating hydrological processes in the {C}ommunity {A}tmosphere {M}odel {V}ersion 5 ({CAM5}) using stable isotope ratios of water},
journal = {Journal of Advances in Modeling Earth Systems},
volume = {9},
pages = {1-29},
doi = {10.1002/2016MS000839},
}

@article{Risi2012,
author = {C. Risi and D. Noone and J. Worden and  C. Frankenberg and  G. Stiller and  M. Kiefer et al.},
year = {2012},
title = {Process-evaluation of tropospheric humidity simulated by general circulation models using water vapor isotopologues: 1. Comparison between models and observations},
journal = {Journal of Geophysical Research Atmospheres},
volume = {117},
number = {5},
pages = {1-26},
doi = {10.1029/2011JD016621},
}

@article{Steiger2017,
author = {N. J. Steiger and E. J. Steig and  S. G. Dee and G. H. Roe and  G. J. Hakim},
year = {2017},
title = {Climate reconstruction using data assimilation of water isotope ratios from ice cores},
journal = {Journal of Geophysical Research: Atmospheres},
volume = {122},
number = {3},
pages = {1545-1568},
doi = {10.1002/2016JD026011}
}

@article{Jackson2011,
author = {Andrew L. Jackson and Richard Inger and Andrew C. Parnell and Stuart Bearhop},
title = {Comparing isotopic niche widths among and within communities: {SIBER – Stable Isotope Bayesian Ellipses in R}},
journal = {Journal of Animal Ecology},
volume = {80},
number = {3},
pages = {595-602},
year = {2011},
doi = {10.1111/j.1365-2656.2011.01806.x}
}

@misc{spatialwi,
author = {{Waterisotopes {D}atabase}},
year = {2018},
url = {http://waterisotopes.org},
note = {Accessed 6/20/2018, Query: Type = Precipitation},
}

@inproceedings{CraigGordon1965,
	author={H. Craig and L. I. Gordon},
	year={1965},
	title={Deuterium and oxygen 18 variations in the ocean and marine atmosphere},
	booktitle={Stable Isotopes in Oceanographic Studies and Paleotemperatures},
	location={Spoleto, Italy},
	pages={9}
}
@article{Brooks2010,
  title={Ecohydrologic separation of water between trees and streams in a {M}editerranean climate},
  author={Brooks, J Ren{\'e}e and Barnard, Holly R and Coulombe, Rob and McDonnell, Jeffrey J},
  journal={Nature Geoscience},
  volume={3},
  number={2},
  pages={100},
  year={2010},
  publisher={Nature Publishing Group},
  doi = {10.1038/NGEO722}
}

@article{Worden2007,
  title={Importance of rain evaporation and continental convection in the tropical water cycle},
  author={Worden, John and Noone, David and Bowman, Kevin and Beer, Reinhard and Eldering, Annmarie and Fisher, Brendan and Gunson, Michael and Goldman, Aaron and Herman, Robert and Kulawik, Susan S and others},
  journal={Nature},
  volume={445},
  number={7127},
  pages={528},
  year={2007},
  publisher={Nature Publishing Group},
  doi={10.1038/nature05508}
}
@article{Gat1996,
	author={J. R. Gat},
	year={1996},
	title={Oxygen and hydrogen isotopes in the hydrologic cycle},
	journal={Annual Review of Earth and Planetary Sciences},
	volume={24},
	number={1},
	pages={225-262},
	doi={10.1146/annurev.earth.24.1.225}
}
 @article{LeeFung2008,
  author = {Lee, Jung-Eun and Fung, Inez},
  title = {“Amount effect” of water isotopes and quantitative analysis of post-condensation processes},
  journal = {Hydrological Processes},
  volume = {22},
  number = {1},
  pages = {1-8},
  keywords = {water isotopes, precipitation, water cycles, hydrologic budget},
  doi = {10.1002/hyp.6637},
  year = {2008}
}

@article{Stewart1975,
	author={Michael K. Stewart},
	year={1975},
	title={Stable Isotope Fractionation Due to Evaporation and Isotopic Exchange of Falling Waterdrops: {A}pplications to Atmospheric Processes and Evaporation of Lakes},
	journal={J.Geophys.Res.},
	volume={80},
	number={9},
	pages={1133-1146},
	isbn={0148-0227},
	doi={10.1029/JC080i009p01133}
}

@article{JouzelMerlivat1984,
	author={Jean Jouzel and Liliane Merlivat},
	year={1984},
	title={Deuterium and oxygen 18 in precipitation: Modeling of the isotopic effects during snow formation},
	journal={Journal of Geophysical Research: Atmospheres},
	volume={89},
	number={D7},
	pages={11749-11757},
	isbn={2156-2202},
	doi={10.1029/JD089iD07p11749}
}

@article{Coplen1996,
author = {Coplen, T. B. and De Bi{\'e}vre, P. and Krouse, H. R. and Vocke Jr., R. D. and Gr{\"o}ning, M. and Rozanski, K.},
title = {Ratios for light-element isotopes standardized for better interlaboratory comparison},
journal = {Eos, Transactions American Geophysical Union},
volume = {77},
number = {27},
pages = {255-255},
doi = {10.1029/96EO00182},
year = {1996}
}

@article{Huth2019,
author = {Huth, T. E. and Cerling, T. E. and Marchetti, D. W. and Bowling, D. R. and Ellwein, A. L. and Passey, B. H.},
title = {Seasonal bias in soil carbonate formation and its implications for interpreting high-resolution paleoarchives: evidence from southern {U}tah},
journal = {Journal of Geophysical Research: Biogeosciences},
volume = {},
number = {124},
pages = {},
doi = {10.1029/2018JG004496},
year = {2019}
}

@article{Dutsch2017,
author = {D{\"u}tsch, Marina and Pfahl, Stephan and Sodemann, Harald},
title = {The Impact of Nonequilibrium and Equilibrium Fractionation on Two Different Deuterium Excess Definitions},
journal = {Journal of Geophysical Research: Atmospheres},
volume = {122},
number = {23},
pages = {12732-12746},
doi = {10.1002/2017JD027085},
year = {2017}
}


@article{Noone2012,
	author={David Noone},
	year={2012},
	title={Pairing Measurements of the Water Vapor Isotope Ratio with Humidity to Deduce Atmospheric Moistening and Dehydration in the Tropical Midtroposphere},
	journal={Journal of Climate},
	volume={25},
	number={13},
	pages={4476-4494},
	doi={10.1175/JCLI-D-11-00582.1}
}

@article{Baldini2008,
author = {Baldini, Lisa M. and McDermott, Frank and Foley, Aideen M. and Baldini, James U. L.},
title = {Spatial variability in the {E}uropean winter precipitation $\delta^{18}${O}-{NAO} relationship: Implications for reconstructing {NA}-mode climate variability in the {H}olocene},
journal = {Geophysical Research Letters},
volume = {35},
number = {4},
pages = {},
doi = {10.1029/2007GL032027},
year = {2008}
}

@article{Liu2011,
title = "Pacific/{N}orth {A}merican teleconnection controls on precipitation isotope ratios across the contiguous {U}nited {S}tates",
journal = "Earth and Planetary Science Letters",
volume = "310",
number = "3",
pages = "319 - 326",
year = "2011",
doi = "https://doi.org/10.1016/j.epsl.2011.08.037",
author = "Zhongfang Liu and Casey D. Kennedy and Gabriel J. Bowen",
}

@article{Jasechko2014,
author = {Jasechko, Scott and Birks, S. Jean and Gleeson, Tom and Wada, Yoshihide and Fawcett, Peter J. and Sharp, Zachary D. and McDonnell, Jeffrey J. and Welker, Jeffrey M.},
title = {The pronounced seasonality of global groundwater recharge},
journal = {Water Resources Research},
volume = {50},
pages = {8845-8867},
doi = {10.1002/2014WR015809},
year = {2014}
}

@article{Dansgaard1964,
	author={W. Dansgaard},
	year={1964},
	title={Stable isotopes in precipitation},
	journal={Tellus},
	volume={16},
	number={4},
	pages={436-468},
	isbn={2153-3490},
	doi={10.1111/j.2153-3490.1964.tb00181.x}
}

@article{Bintanja2014,
	author={R. Bintanja and FM Selten},
	year={2014},
	title={Future increases in {A}rctic precipitation linked to local evaporation and sea-ice retreat},
	journal={Nature},
	volume={509},
	number={7501},
	pages={479-482},
    doi = {10.1038/nature13259}
}

@article{Held2006,
	author={Isaac M. Held and Brian J. Soden},
	year={2006},
	title={Robust Responses of the Hydrological Cycle to Global Warming},
	journal={Journal of Climate},
	volume={19},
	number={21},
	pages={5686-5699},
	doi={10.1175/JCLI3990.1}
}

@article{Marvel2013,
	author={Kate Marvel and C{\"e}line Bonfils},
	year={2013},
	title={Identifying external influences on global precipitation},
	journal={Proceedings of the National Academy of Sciences},
	doi={10.1073/pnas.1314382110}
}
@article{Feng2016,
title = "Evaporation and transport of water isotopologues from {G}reenland lakes: The lake size effect",
journal = "Quaternary Science Reviews",
volume = "131",
pages = "302 - 315",
year = "2016",
doi = "https://doi.org/10.1016/j.quascirev.2015.07.029",
author = "Xiahong Feng and Alex M. Lauder and Eric S. Posmentier and Ben G. Kopec and Ross A. Virginia",
}

@techreport{Benjamin2005,
	author={Lyn Benjamin and LeRoy L. Knobel and L. F. Hall and L. D. Cecil and Jaromy R. Green},
	year={2005},
	title={Development of a local meteoric water line for southeastern {I}daho, western {W}yoming, and south-central {M}ontana},
	isbn={2004-5126},
	url={http://pubs.er.usgs.gov/publication/sir20045126},
	doi={10.3133/sir20045126}
}

@article{Kopec2018,
author = {Kopec, B. G. and Feng, X. and Posmentier, E. S. and Chipman, J. W. and Virginia, R. A.},
title = {Use of principal component analysis to extract environmental information from lake water isotopic compositions},
journal = {Limnology and Oceanography},
volume = {63},
number = {3},
pages = {1340-1354},
doi = {10.1002/lno.10776},
year = {2018}
}

@Article{Rubel2010,
author = "Rubel, Franz and Kottek, Markus",
journal = "Meteorologische Zeitschrift",
year = 2010,
title = "Observed and projected climate shifts 1901-2100 depicted by world maps of the K{\"o}ppen-Geiger climate classification",
number = "2",
volume = "19",
pages = {135-141},
url = "http://dx.doi.org/10.1127/0941-2948/2010/0430",
doi = "10.1127/0941-2948/2010/0430",
publisher = "Schweizerbart Science Publishers",
address = "Stuttgart, Germany"
}

@article{Cappa2003,
author = {Cappa, Christopher D. and Hendricks, Melissa B. and DePaolo, Donald J. and Cohen, Ronald C.},
title = {Isotopic fractionation of water during evaporation},
journal = {Journal of Geophysical Research: Atmospheres},
volume = {108},
number = {D16},
pages = {},
doi = {10.1029/2003JD003597},
year = {2003}
}


@article{Merlivat1979,
author = {Merlivat, Liliane and Jouzel, Jean},
title = {Global climatic interpretation of the deuterium-oxygen 18 relationship for precipitation},
journal = {Journal of Geophysical Research: Oceans},
volume = {84},
number = {C8},
pages = {5029-5033},
doi = {10.1029/JC084iC08p05029},
year = {1979}
}

%%%%% model references
@article{Hourdin2006,
	title = {The {LMDZ}4 general circulation model: climate performance and sensitivity to parametrized physics with emphasis on tropical convection},
	volume = {27},
	issn = {0930-7575, 1432-0894},
	shorttitle = {The {LMDZ}4 general circulation model},
	doi = {10.1007/s00382-006-0158-0},
	language = {en},
	number = {7-8},
	journal = {Climate Dynamics},
	author = {Hourdin, Frédéric and Musat, Ionela and Bony, Sandrine and Braconnot, Pascale and Codron, Francis and Dufresne, Jean-Louis and Fairhead, Laurent and Filiberti, Marie-Angèle and Friedlingstein, Pierre and Grandpeix, Jean-Yves and Krinner, Gerhard and LeVan, Phu and Li, Zhao-Xin and Lott, François},
	year = {2006},
	pages = {787--813},
}

@article{Lee2007,
	title = {Analysis of the global distribution of water isotopes using the {NCAR} atmospheric general circulation model},
	volume = {112},
	issn = {0148-0227},
	doi = {10.1029/2006JD007657},
	language = {en},
	number = {D16},
	journal = {Journal of Geophysical Research},
	author = {Lee, Jung-Eun and Fung, Inez and DePaolo, Donald J. and Henning, Cara C.},
	year = {2007},
}

@article{Pope2000,
	title = {The impact of new physical parametrizations in the {Hadley} {Centre} climate model: {HadAM}3},
	volume = {16},
	issn = {0930-7575, 1432-0894},
	shorttitle = {The impact of new physical parametrizations in the {Hadley} {Centre} climate model},
	doi = {10.1007/s003820050009},
	language = {en},
	number = {2-3},
	journal = {Climate Dynamics},
	author = {Pope, V. D. and Gallani, M. L. and Rowntree, P. R. and Stratton, R. A.},
	year = {2000},
	pages = {123-146},
}

@article{Wong2017,
	title = {Evaluation of modeled land-atmosphere exchanges with a comprehensive water isotope fractionation scheme in version 4 of the {Community} {Land} {Model}},
	volume = {9},
	issn = {19422466},
	shorttitle = {Evaluation of modeled land-atmosphere exchanges with a comprehensive water isotope fractionation scheme in version 4 of the {Community} {Land} {Model}},
	doi = {10.1002/2016MS000842},
	language = {en},
	number = {2},
	journal = {Journal of Advances in Modeling Earth Systems},
	author = {Wong, Tony E. and Nusbaumer, Jesse and Noone, David C.},
	year = {2017},
	pages = {978-1001},
}

@article{Schmidt2006,
	title = {Present-{Day} {Atmospheric} {Simulations} {Using} {GISS} {ModelE}: {Comparison} to {In} {Situ}, {Satellite}, and {Reanalysis} {Data}},
	volume = {19},
	issn = {0894-8755, 1520-0442},
	shorttitle = {Present-{Day} {Atmospheric} {Simulations} {Using} {GISS} {ModelE}},
	doi = {10.1175/JCLI3612.1},
	number = {2},
	journal = {Journal of Climate},
	author = {Schmidt, Gavin A. and Ruedy, Reto and Hansen, James E. and Aleinov, Igor and Bell, Nadine and Bauer, Mike and Bauer, Susanne and Cairns, Brian and Canuto, Vittorio and Cheng, Ye and Del Genio, Anthony and Faluvegi, Greg and Friend, Andrew D. and Hall, Tim M. and Hu, Yongyun and Kelley, Max and Kiang, Nancy Y. and Koch, Dorothy and Lacis, Andy A. and Lerner, Jean and Lo, Ken K. and Miller, Ron L. and Nazarenko, Larissa and Oinas, Valdar and Perlwitz, Jan and Perlwitz, Judith and Rind, David and Romanou, Anastasia and Russell, Gary L. and Sato, Makiko and Shindell, Drew T. and Stone, Peter H. and Sun, Shan and Tausnev, Nick and Thresher, Duane and Yao, Mao-Sung},
	year = {2006},
	pages = {153-192},
}


@article{Tindall2009,
	title = {Stable water isotopes in {HadCM}3: {Isotopic} signature of {El} {Niño}–{Southern} {Oscillation} and the tropical amount effect},
	volume = {114},
	issn = {0148-0227},
	shorttitle = {Stable water isotopes in {HadCM}3},
	doi = {10.1029/2008JD010825},
	number = {D4},
	journal = {Journal of Geophysical Research},
	author = {Tindall, J. C. and Valdes, P. J. and Sime, L. C.},
	year = {2009},
}

@article{Kurita2011,
	title = {Intraseasonal isotopic variation associated with the {Madden}-{Julian} {Oscillation}: Isotopic response to the {MJO} connection},
	volume = {116},
	issn = {01480227},
	shorttitle = {Intraseasonal isotopic variation associated with the {Madden}-{Julian} {Oscillation}},
	doi = {10.1029/2010JD015209},
	language = {en},
	number = {D24},
	journal = {Journal of Geophysical Research: Atmospheres},
	author = {Kurita, Naoyuki and Noone, David and Risi, Camille and Schmidt, Gavin A. and Yamada, Hiroyuki and Yoneyama, Kunio},
	year = {2011},
	pages = {n/a--n/a},
}


@article{Risi2010,
	title = {Water-stable isotopes in the {LMDZ}4 general circulation model: {Model} evaluation for present-day and past climates and applications to climatic interpretations of tropical isotopic records},
	volume = {115},
	issn = {0148-0227},
	shorttitle = {Water-stable isotopes in the {LMDZ}4 general circulation model},
	doi = {10.1029/2009JD013255},
	language = {en},
	number = {D12},
	journal = {Journal of Geophysical Research},
	author = {Risi, Camille and Bony, Sandrine and Vimeux, Françoise and Jouzel, Jean},
	year = {2010},
}

@article{Yoshimura2008,
	title = {Historical isotope simulation using {Reanalysis} atmospheric data},
	volume = {113},
	issn = {0148-0227},
	doi = {10.1029/2008JD010074},
	language = {en},
	number = {D19},
	urldate = {2018-10-28},
	journal = {Journal of Geophysical Research},
	author = {Yoshimura, K. and Kanamitsu, M. and Noone, D. and Oki, T.},
	year = {2008},

}

@article{Schmidt2007,
	title = {Water isotope expressions of intrinsic and forced variability in a coupled ocean-atmosphere model: water isotope expressions of variability},
	volume = {112},
	issn = {01480227},
	shorttitle = {Water isotope expressions of intrinsic and forced variability in a coupled ocean-atmosphere model},
	doi = {10.1029/2006JD007781},
	language = {en},
	number = {D10},
	urldate = {2018-10-28},
	journal = {Journal of Geophysical Research: Atmospheres},
	author = {Schmidt, Gavin A. and LeGrande, Allegra N. and Hoffmann, Georg},
	year = {2007},
}

@techreport{Roeckner2003,
	address = {Hamburg},
	type = {Model {Description}},
	title = {The {Atmospheric} {General} {Circulation} {Model} {ECHAM}5},
	number = {349},
	institution = {Max-Planck-Institut f{\"u}r Meteorologie},
	author = {Roeckner, Erich and Bäuml, G. and Bonaventura, L. and Brokopf, R. and Esch, M. and Giorgetta, M. and Hagemann, S. and Kornblueh, L. and Schlese, U. and Schulzweida, U. and Kirchner, I. and Manzini, E. and Rhodin, A. and Tompkins, A.},
	year = {2003},
}

@article{Werner2011,
	title = {Stable water isotopes in the {ECHAM}5 general circulation model: {Toward} high-resolution isotope modeling on a global scale},
	volume = {116},
	issn = {0148-0227},
	shorttitle = {Stable water isotopes in the {ECHAM}5 general circulation model},
	doi = {10.1029/2011JD015681},
	language = {en},
	number = {D15},
	urldate = {2019-03-14},
	journal = {Journal of Geophysical Research},
	author = {Werner, Martin and Langebroek, Petra M. and Carlsen, Tim and Herold, Marcus and Lohmann, Gerrit},
	year = {2011},
}

@article{Kanamitsu2002,
	title = {{NCEP} {Dynamical} {Seasonal} {Forecast} {System} 2000},
	volume = {83},
	issn = {0003-0007, 1520-0477},
	doi = {10.1175/1520-0477(2002)083<1019:NDSFS>2.3.CO;2},
	language = {en},
	number = {7},
	urldate = {2019-03-14},
	journal = {Bulletin of the American Meteorological Society},
	author = {Kanamitsu, Masao and Kumar, Arun and Juang, Hann-Ming Henry and Schemm, Jae-Kyung and Wang, Wanqui and Yang, Fanglin and Hong, Song-You and Peng, Peitao and Chen, Wilber and Moorthi, Shrinivas and Ji, Ming},
	year = {2002},
	pages = {1019--1037},

}

@techreport{Neale2010,
	title = {Description of the {NCAR} {Community} {Atmosphere} {Model} ({CAM} 5.0)},
	language = {en},
	number = {NCAR/TN-486+STR},
	institution = {NCAR},
	author = {Neale, Richard B and Gettelman, Andrew and Park, Sungsu and Chen, Chih-Chieh and Lauritzen, Peter H and Williamson, David L and Conley, Andrew J and Kinnison, Doug and Marsh, Dan and Smith, Anne K and Vitt, Francis and Garcia, Rolando and Lamarque, Jean-Francois and Mills, Mike and Tilmes, Simone and Cameron-Smith, Philip and Collins, William D and Iacono, Michael J and Easter, Richard C and Liu, Xiaohong and Ghan, Steven J and Rasch, Philip J and Taylor, Mark A},
	year = {2010},
	pages = {283},

}

@techreport{Collins2002,
	type = {{NCAR} {Technical} {Note}},
	title = {Description of the {NCAR} {Community} {Atmosphere} {Model} ({CAM}2)},
	author = {Collins, William D. and Hack, James J. and Boville, Byron A and Rasch, Philip J. and Williamson, David L. and Kiehl, Jeffrey T. and Briegleb, Bruce and McCaa, James R and Bitz, Cecilia M. and Lin, Shian-Jiann and Rood, Richard B. and Dai, Yongjiu},
	year = {2002},

}

@techreport{k-1_modeldevelopers,
	title = {K-1 {Coupled} {GCM} ({MIROC}) {Description}},
	institution = {Center for Climate System Research, University of Tokyo; National Institute for Environmental Studies; Frontier Research Center for Global Change},
	author = {K-1 model developers},

}
%%%%%%%%%%% dataset references (besides GNIP) %%%%%%%%%%%%%%%%%%%%%%%%%%%%
@misc{GrimesPC,
  author       = {Vaughn Grimes},
  howpublished = {{Private Communication}},
  year         = {},
  comment      = {unpublished CNIP data},
  institution  = {},
}

@misc{BrooksJRPC01,
  author       = {J Ren{\'e} Brooks},
  howpublished = {Private Communication},
  year         = {2017},
  comment      = {Unpublished Oregon Precipitation},
  institution  = {EPA},
}

@article{Harvey2005,
	author={F. E. Harvey},
	year={2005},
	month={04/01; 2019/02},
	title={STABLE HYDROGEN AND OXYGEN ISOTOPE COMPOSITION OF PRECIPITATION IN NORTHEASTERN {C}OLORADO},
	journal={JAWRA Journal of the American Water Resources Association},
	volume={41},
	number={2},
	pages={447-460},
	doi={10.1111/j.1752-1688.2005.tb03748.x}
}

@article{Hughes2013,
	author = 	 {Catherine E. Hughes and Jagoda Crawford},
	year = 	 {2013},
	month = 	 {10 May 2013},
	title = 	 {Spatial and temporal variation in precipitation isotopes in the {S}ydney {B}asin, {A}ustralia},
	journal = 	 {Journal of Hydrology},
	volume = 	 {489},
	pages = 	 {42-55},
	doi={https://doi.org/10.1016/j.jhydrol.2013.02.036}
}

@article{Kurita2004,
	author={Naoyuki Kurita and Naohiro Yoshida and Gen Inoue and Eleonora A. Chayanova},
	year={2004},
	month={02/16; 2019/02},
	title={Modern isotope climatology of {R}ussia: A first assessment},
	journal={Journal of Geophysical Research: Atmospheres},
	volume={109},
	doi={10.1029/2003JD003404}
}

@misc{WassenaarPC,
  author       = {Leonard Wassenaar},
  howpublished = {Private Communication},
  year         = {},
  comment      = {},
  institution  = {},
}

@misc{MayerPC,
  author       = {Bernhard Mayer},
  howpublished = {Private Communication},
  year         = {May 2016},
  comment      ={Unpublished ongoing {C}algary collection},
  institution  = {University of Calgary},
}

@article{Peng2010,
	author={Tsung-Ren Peng and Chung-Ho Wang and Chi-Chao Huang and Li-Yuan Fei and Chen-Tung Arthur Chen and Jeen-Lian Hwong},
	year={2010},
	month={1/31},
	title={Stable isotopic characteristic of {T}aiwan's precipitation: A case study of western {P}acific monsoon region},
	journal={Earth and Planetary Science Letters},
	volume={289},
	number={3–4},
	pages={357-366},
	doi={http://dx.doi.org/10.1016/j.epsl.2009.11.024}
}

@article{Price2008,
	author={Ren{\'e} M. Price and Peter K. Swart and Hugh E. Willoughby},
	year={2008},
	month={9/5},
	title={Seasonal and spatial variation in the stable isotopic composition ($\delta^{18}O$ and $\delta D$) of precipitation in south {F}lorida},
	journal={Journal of Hydrology},
	volume={358},
	number={3–4},
	pages={193-205},
	doi={10.1016/j.jhydrol.2008.06.003}
}

@misc{EhleringerPC01,
  author       = {Jim Ehleringer},
  howpublished = {{Private Communication}},
  year         = {},
  comment      = {Unpublished Utah waters},
  institution  = {University of Utah},
}

@article{Yamanaka2015,
	author={Tsutomu Yamanaka and Yuki Makino and Yoshifumi Wakiyama and Kazuhiro Kishi and Kosuke Maruyama and Masaya Kano and Wenchao Ma and Keisuke Suzuki},
	year={2015},
	title={How reliable are modeled precipitation isoscapes over a high-relief mountainous region?},
	journal={Hydrological Research Letters},
	volume={9},
	number={4},
	pages={118-124},
	note={TI:},
	doi={10.3178/hrl.9.118}
}

@misc{CsankPC01,
  author       = {Adam Csank},
  howpublished = {Private Communication},
  year         = {2017},
  comment      = {Unpublished WA stormtracks},
  institution  = {},
}

@misc{FengPC01,
  author       = {Xiahong Feng},
  howpublished = {{Private Communication}},
  year         = {2018},
  comment      = {Unpublished iisPACs precipitation},
  institution  = {Dartmouth College},
}

@techreport{Scholl2014,
	author={Martha A. Scholl and Angel Torres-Sanchez and Manuel Rosario-Torres},
	year={2014},
	title={Stable Isotope ($\delta^{18}O$ and $\delta^{2}H$) Data for Precipitation, Stream Water, and Groundwater in {P}uerto {R}ico},
    institution = {U.S. Geological Survey},
    note = {Open-File Report 2014–1101},
    pages = {29 p.},
    doi = {https://dx.doi.org/10.3133/ofr20141101}
}

@article{Harris2010,
	author={C. Harris and C. Burgers and J. Miller and F. Rawoot},
	year={2010},
	title={O- AND H-ISOTOPE RECORD OF {C}APE {T}OWN RAINFALL FROM 1996 TO 2008, AND ITS APPLICATION TO RECHARGE STUDIES OF {T}ABLE {M}OUNTAIN GROUNDWATER, {S}OUTH {A}FRICA},
	journal={South African Journal of Geology},
	volume={113},
	number={1},
	pages={33-56},
	doi={10.2113/gssajg.113.1.33}
}

@techreport{Abiye2013,
author = {Abiye, Tamiru},
year = {2013},
title = {The use of Isotope Hydrology to characterize and assess Water Resources in south(ern) {A}frica Chapter: Rainfall and Groundwater Atlas},
note = {WRC report K5/1907},
pages = {83 p.}
}

@article{Braun2017,
	author={K. Braun and M. Bar-Matthews and A. Ayalon and T. Zilberman and A. Matthews},
	year={2017},
	title={Rainfall isotopic variability at the intersection between winter and summer rainfall regimes in coastal {S}outh {A}frica ({M}ossel {B}ay, {W}estern {C}ape {P}rovince)},
	journal={South African Journal of Geology},
	volume={120},
	number={3},
	pages={323-340},
	doi={10.25131/gssajg.120.3.323}
}

@article{Moerman2013,
	author = 	 {Jessica W. Moerman and Kim M. Cobb and Jess F. Adkins and Harald Sodemann and Brian Clark and Andrew A. Tuen},
	year = 	 {2013},
	month = 	 {May 2013},
	title = 	 {Diurnal to interannual rainfall $\delta^{18}O$ variations in northern {B}orneo driven by regional hydrology},
	journal = 	 {Earth and Planetary Science Letters},
	volume = 	 {369-370},
	pages = 	 {108-119},
	doi={https://doi.org/10.1016/j.epsl.2013.03.014}
}

@misc{KuritaJAMSTEC,
author = {Naoyuki Kurita and Kimpei Ichiyanagi},
year = {2008},
title = {Daily basis precipitation sampling network for water isotope analysis},
institution = {Institute of Observational Research for Global Change, Japan Agency for Marine-Earth Science and Technology},
url = {http://www.jamstec.go.jp/iorgc/hcorp/data/},
note = {Dataset accessed Aug 2017}
}

@article{Chen2018,
	author = 	 {Chao-Jun Chen and Ting-Yong Li},
	year = 	 {2018},
	month = 	 {June 2018},
	title = 	 {Geochemical characteristics of cave drip water respond to {ENSO} based on a 6-year monitoring work in {Y}angkou {C}ave, {S}outhwest {C}hina},
	journal = 	 {Journal of Hydrology},
	volume = 	 {561},
	pages = 	 {896-907},
	doi={https://doi.org/10.1016/j.jhydrol.2018.04.061}
}

@article{Majoube1971,
	author={M. Majoube},
	year={1971},
	title={Oxygen-18 and deuterium fractionation between water and steam},
	journal={Journal de Chimie Physique et de Physico-Chimie Biologique},
	volume={68},
	number={10},
	pages={1423}
}

@article{SanchezMurillo2017,
author = {S\'{a}nchez-Murillo, Ricardo and Dur\'{a}n-Quesada, Ana M. and Birkel, Christian and Esquivel-Hern\'{a}ndez, Germain and Boll, Jan},
title = {Tropical precipitation anomalies and d-excess evolution during {E}l {N}i\~{n}o 2014-16},
journal = {Hydrological Processes},
volume = {31},
number = {4},
pages = {956-967},
doi = {10.1002/hyp.11088},
year = {2017}
}

@article{Martinelli1996,
title = "Using stable isotopes to determine sources of evaporated water to the atmosphere in the {A}mazon basin",
journal = "Journal of Hydrology",
volume = "183",
number = "3",
pages = "191 - 204",
year = "1996",
issn = "0022-1694",
doi = "https://doi.org/10.1016/0022-1694(95)02974-5",
author = "Luiz Antonio Martinelli and Reynaldo Luiz Victoria and Leonel Silveira Lobo Sternberg and Aristides Ribeiro and Marcelo Zacharias Moreira",
}

@article{Ciais1994,
title = {Deuterium and oxygen 18 in precipitation: {I}sotopic model, including mixed cloud processes},
journal = {Journal of Geophysical Research: Atmospheres},
volume = {99},
number = {D8},
pages = {16793-16803},
doi = {10.1029/94JD00412},
year = {1994},
author = {Ciais, Philippe, and Jean Jouzel}
}

@Article{Graf2019,
AUTHOR = {Graf, P. and Wernli, H. and Pfahl, S. and Sodemann, H.},
TITLE = {A new interpretative framework for below-cloud effects on stable water isotopes in vapour and rain},
JOURNAL = {Atmospheric Chemistry and Physics},
VOLUME = {19},
YEAR = {2019},
NUMBER = {2},
PAGES = {747--765},
URL = {https://www.atmos-chem-phys.net/19/747/2019/},
DOI = {10.5194/acp-19-747-2019}
}


@article{Wang2016,
author = {Wang, Shengjie and Zhang, Mingjun and Che, Yanjun and Zhu, Xiaofan and Liu, Xuemei},
title = {Influence of Below-Cloud Evaporation on Deuterium Excess in Precipitation of Arid {C}entral {A}sia and Its Meteorological Controls},
journal = {Journal of Hydrometeorology},
volume = {17},
number = {7},
pages = {1973-1984},
year = {2016},
doi = {10.1175/JHM-D-15-0203.1}
}

@article{Chen2015,
title = "Relationship between sub-cloud secondary evaporation and stable isotopes in precipitation of {L}anzhou and surrounding area",
journal = "Quaternary International",
volume = "380-381",
pages = "68 - 74",
year = "2015",
doi = "https://doi.org/10.1016/j.quaint.2014.12.051",
author = "Chen, Fenli and Mingjun Zhang and Shengjie Wang and Qian Ma and Xiaofan Zhu and Lei Dong",
}

@article{Corcoran2019,
author = {Corcoran, Megan C. and Thomas, Elizabeth K. and Boutt, David F.},
title = {Event-Based Precipitation Isotopes in the {L}aurentian {G}reat {L}akes {R}egion Reveal Spatiotemporal Patterns in Moisture Recycling},
journal = {Journal of Geophysical Research: Atmospheres},
volume = {124},
number = {10},
pages = {5463-5478},
doi = {10.1029/2018JD029545},
year = {2019}
}
